_id,Date,Time,BODY,COVER,12T NB,12T WB,26T,28T,LPM,WP1,BP1,BP2,Noise,Box No,Insertion Date,Insertion Time
66ae4b0ec01a3688296bac3f,NA,NA,2406127,C0624126,2F24,2F24,2D24,2E24,NA,NA,NA,NA,NA,1,2024-08-03,20:51:50.152033
66ae4b0ec01a3688296bac40,NA,NA,24061691,C0624055,2E24,2E24,2D24,2E24,NA,NA,NA,NA,NA,2,2024-08-03,20:51:50.152033
66ae4b0ec01a3688296bac41,NA,NA,2406042,C0624076,2F24,2E24,2D24,2E24,NA,NA,NA,NA,NA,3,2024-08-03,20:51:50.152033
66ae4b0ec01a3688296bac42,NA,NA,2406015,C0624001,2E24,2E24,2D24,2E24,NA,NA,NA,NA,NA,4,2024-08-03,20:51:50.152033
66ae4b0ec01a3688296bac43,NA,NA,24061612,C0624030,2E24,2E24,2D24,2E24,NA,NA,NA,NA,NA,5,2024-08-03,20:51:50.152033
66ae4b0ec01a3688296bac44,NA,NA,2406065,C0624009,2E24,2E24,2D24,2E24,NA,NA,NA,NA,NA,6,2024-08-03,20:51:50.152033
66ae4b0ec01a3688296bac45,NA,NA,2406089,C0624077,2E24,2E24,2D24,2E24,NA,NA,NA,NA,NA,7,2024-08-03,20:51:50.152033
66ae4b0ec01a3688296bac46,NA,NA,2406073,C 0524082,2E24,2E24,2D24,2E24,NA,NA,NA,NA,NA,8,2024-08-03,20:51:50.152033
66ae4b0ec01a3688296bac47,NA,NA,2406036,C 0624129,2E24,2E24,2D24,2E24,NA,NA,NA,NA,NA,9,2024-08-03,20:51:50.152033
66ae4b0ec01a3688296bac48,NA,NA,2406145,C 0424079,2E24,2E24,2D24,2E24,NA,NA,NA,NA,NA,10,2024-08-03,20:51:50.152033
66ae4b0ec01a3688296bac49,NA,NA,2406146,C0624126,2F24,2F24,2D24,2E24,NA,NA,NA,NA,NA,11,2024-08-03,20:51:50.152033
66ae4b0ec01a3688296bac4a,NA,NA,24061463,C0624055,2E24,2E24,2D24,2E24,NA,NA,NA,NA,NA,12,2024-08-03,20:51:50.152033
66ae4b0ec01a3688296bac4b,NA,NA,2406147,C0624076,2F24,2E24,2D24,2E24,NA,NA,NA,NA,NA,13,2024-08-03,20:51:50.152033
66ae4b0ec01a3688296bac4c,NA,NA,2406148,C0624001,2E24,2E24,2D24,2E24,NA,NA,NA,NA,NA,14,2024-08-03,20:51:50.152033
66ae4b0ec01a3688296bac4d,NA,NA,2406149,C0624030,2E24,2E24,2D24,2E24,NA,NA,NA,NA,NA,15,2024-08-03,20:51:50.152033
66ae4b0ec01a3688296bac4e,NA,NA,2406150,C0624009,2E24,2E24,2D24,2E24,NA,NA,NA,NA,NA,16,2024-08-03,20:51:50.152033
66ae4b0ec01a3688296bac4f,NA,NA,2406151,C0624077,2E24,2E24,2D24,2E24,NA,NA,NA,NA,NA,17,2024-08-03,20:51:50.152033
66ae4b0ec01a3688296bac50,NA,NA,2406152,C 0524082,2E24,2E24,2D24,2E24,NA,NA,NA,NA,NA,18,2024-08-03,20:51:50.152033
66ae4b0ec01a3688296bac51,NA,NA,2406153,C 0624129,2E24,2E24,2D24,2E24,NA,NA,NA,NA,NA,19,2024-08-03,20:51:50.152033
66ae4b0ec01a3688296bac52,NA,NA,2406154,C 0424079,2E24,2E24,2D24,2E24,NA,NA,NA,NA,NA,20,2024-08-03,20:51:50.152033
66ae4b0ec01a3688296bac53,NA,NA,2406155,C0624126,2F24,2F24,2D24,2E24,NA,NA,NA,NA,NA,21,2024-08-03,20:51:50.152033
66ae4b0ec01a3688296bac54,NA,NA,2406156,C0624055,2E24,2E24,2D24,2E24,NA,NA,NA,NA,NA,22,2024-08-03,20:51:50.152033
66ae4b0ec01a3688296bac56,NA,NA,2406158,C0624001,2E24,2E24,2D24,2E24,NA,NA,NA,NA,NA,24,2024-08-03,20:51:50.152033
66ae4b0ec01a3688296bac57,NA,NA,2406159,C0624030,2E24,2E24,2D24,2E24,NA,NA,NA,NA,NA,25,2024-08-03,20:51:50.152033
66ae4b0ec01a3688296bac58,NA,NA,2406160,C0624009,2E24,2E24,2D24,2E24,NA,NA,NA,NA,NA,26,2024-08-03,20:51:50.152033
66ae4b0ec01a3688296bac59,NA,NA,2406161,C0624077,2E24,2E24,2D24,2E24,NA,NA,NA,NA,NA,27,2024-08-03,20:51:50.152033
66ae4b0ec01a3688296bac5a,NA,NA,2406162,C 0524082,2E24,2E24,2D24,2E24,NA,NA,NA,NA,NA,28,2024-08-03,20:51:50.152033
66ae4b0ec01a3688296bac5b,NA,NA,2406163,C 0624129,2E24,2E24,2D24,2E24,NA,NA,NA,NA,NA,29,2024-08-03,20:51:50.152033
66ae4b0ec01a3688296bac5c,NA,NA,2406164,C 0424079,2E24,2E24,2D24,2E24,NA,NA,NA,NA,NA,30,2024-08-03,20:51:50.152033
66ae4b0ec01a3688296bac5d,NA,NA,2406165,C0624126,2F24,2F24,2D24,2E24,NA,NA,NA,NA,NA,31,2024-08-03,20:51:50.152033
66ae4b0ec01a3688296bac5e,NA,NA,2406166,C0624055,2E24,2E24,2D24,2E24,NA,NA,NA,NA,NA,32,2024-08-03,20:51:50.152033
66ae4b0ec01a3688296bac5f,NA,NA,2406167,C0624076,2F24,2E24,2D24,2E24,NA,NA,NA,NA,NA,33,2024-08-03,20:51:50.152033
66ae4b0ec01a3688296bac60,NA,NA,2406168,C0624001,2E24,2E24,2D24,2E24,NA,NA,NA,NA,NA,34,2024-08-03,20:51:50.152033
66ae4b0ec01a3688296bac61,NA,NA,2406169,C0624030,2E24,2E24,2D24,2E24,NA,NA,NA,NA,NA,35,2024-08-03,20:51:50.152033
66ae4b0ec01a3688296bac62,NA,NA,2406170,C0624009,2E24,2E24,2D24,2E24,NA,NA,NA,NA,NA,36,2024-08-03,20:51:50.152033
66ae4b0ec01a3688296bac63,NA,NA,2406171,C0624077,2E24,2E24,2D24,2E24,NA,NA,NA,NA,NA,37,2024-08-03,20:51:50.152033
66ae4b0ec01a3688296bac64,NA,NA,2406172,C 0524082,2E24,2E24,2D24,2E24,NA,NA,NA,NA,NA,38,2024-08-03,20:51:50.152033
66ae4b0ec01a3688296bac65,NA,NA,2406173,C 0624129,2E24,2E24,2D24,2E24,NA,NA,NA,NA,NA,39,2024-08-03,20:51:50.152033
66ae4b0ec01a3688296bac66,NA,NA,2406174,C 0424079,2E24,2E24,2D24,2E24,NA,NA,NA,NA,NA,40,2024-08-03,20:51:50.152033
66ae4b0ec01a3688296bac67,NA,NA,2406175,C0624126,2F24,2F24,2D24,2E24,NA,NA,NA,NA,NA,41,2024-08-03,20:51:50.152033
66ae4b0ec01a3688296bac68,NA,NA,2406176,C0624055,2E24,2E24,2D24,2E24,NA,NA,NA,NA,NA,42,2024-08-03,20:51:50.152033
66ae4b0ec01a3688296bac69,NA,NA,2406177,C0624076,2F24,2E24,2D24,2E24,NA,NA,NA,NA,NA,43,2024-08-03,20:51:50.152033
66ae4b0ec01a3688296bac6a,NA,NA,2406178,C0624001,2E24,2E24,2D24,2E24,NA,NA,NA,NA,NA,44,2024-08-03,20:51:50.152033
66ae4b0ec01a3688296bac6b,NA,NA,2406179,C0624030,2E24,2E24,2D24,2E24,NA,NA,NA,NA,NA,45,2024-08-03,20:51:50.152033
66ae4b0ec01a3688296bac6c,NA,NA,2406180,C0624009,2E24,2E24,2D24,2E24,NA,NA,NA,NA,NA,46,2024-08-03,20:51:50.152033
66ae4b0ec01a3688296bac6d,NA,NA,2406181,C0624077,2E24,2E24,2D24,2E24,NA,NA,NA,NA,NA,47,2024-08-03,20:51:50.152033
66ae4b0ec01a3688296bac6e,NA,NA,2406182,C 0524082,2E24,2E24,2D24,2E24,NA,NA,NA,NA,NA,48,2024-08-03,20:51:50.152033
